<record><leader>00000cas a2200000 a 4500</leader><controlfield tag="001">18446795</controlfield><controlfield tag="008">880906d19471956nyuwr ne      0    0eng c</controlfield><datafield ind1=" " ind2=" " tag="010"><subfield code="a">sn 88075753 </subfield></datafield><datafield ind1=" " ind2=" " tag="040"><subfield code="a">NYG</subfield><subfield code="b">eng</subfield><subfield code="c">NYG</subfield><subfield code="d">NYS</subfield><subfield code="d">OCLCQ</subfield><subfield code="d">OCLCO</subfield><subfield code="d">NYG</subfield></datafield><datafield ind1=" " ind2=" " tag="042"><subfield code="a">pcc</subfield></datafield><datafield ind1=" " ind2=" " tag="043"><subfield code="a">n-us-ny</subfield></datafield><datafield ind1="0" ind2=" " tag="130"><subfield code="a">Villager (Bedford Village, N.Y.)</subfield></datafield><datafield ind1="1" ind2="4" tag="245"><subfield code="a">The Villager.</subfield></datafield><datafield ind1="1" ind2="3" tag="246"><subfield code="a">Villager combined with the North Castle sun</subfield></datafield><datafield ind1=" " ind2=" " tag="260"><subfield code="a">Bedford Village [i.e. Bedford], N.Y. :</subfield><subfield code="b">North Castle Pub. Co.</subfield></datafield><datafield ind1=" " ind2=" " tag="300"><subfield code="a">v. ;</subfield><subfield code="c">56 cm.</subfield></datafield><datafield ind1=" " ind2=" " tag="310"><subfield code="a">Weekly</subfield></datafield><datafield ind1="1" ind2=" " tag="362"><subfield code="a">Began in 1947; ceased in 1956.</subfield></datafield><datafield ind1=" " ind2=" " tag="500"><subfield code="a">"Established in Armonk as the North Castle Sun," Cf. Masthead &lt;1950&gt;.</subfield></datafield><datafield ind1=" " ind2=" " tag="530"><subfield code="a">Available on microfilm (1 issue) from New York State Library.</subfield></datafield><datafield ind1=" " ind2=" " tag="580"><subfield code="a">Absorbed: North Castle Sun.</subfield></datafield><datafield ind1=" " ind2=" " tag="580"><subfield code="a">Merged with: Brewster Record, and: Chappaqua Sun, and: Mt. Kisco Local, and: Record (Katonah, N.Y.), and: Townsman (Pleasantville, N.Y.), and: Yorktown Herald, to form: Patent Trader.</subfield></datafield><datafield ind1=" " ind2=" " tag="588"><subfield code="a">Description based on: Vol. 1, no. 31 (July 3, 1947).</subfield></datafield><datafield ind1=" " ind2=" " tag="588"><subfield code="a">Latest issue consulted: Vol. 7, (Oct. 22, 1953).</subfield></datafield><datafield ind1=" " ind2="0" tag="651"><subfield code="a">Bedford (N.Y.)</subfield><subfield code="v">Newspapers.</subfield></datafield><datafield ind1=" " ind2="0" tag="651"><subfield code="a">Bedford Village (Westchester County, N.Y.)</subfield><subfield code="v">Newspapers.</subfield></datafield><datafield ind1=" " ind2="0" tag="651"><subfield code="a">Westchester County (N.Y.)</subfield><subfield code="v">Newspapers.</subfield></datafield><datafield ind1=" " ind2=" " tag="752"><subfield code="a">United States</subfield><subfield code="b">New York</subfield><subfield code="c">Westchester</subfield><subfield code="d">Bedford.</subfield></datafield><datafield ind1=" " ind2=" " tag="752"><subfield code="a">United States</subfield><subfield code="b">New York</subfield><subfield code="c">Westchester</subfield><subfield code="d">Bedford Village.</subfield></datafield><datafield ind1="0" ind2="5" tag="780"><subfield code="t">North Castle sun</subfield><subfield code="w">(DLC)sn2001061858</subfield><subfield code="w">(OCoLC)47861052</subfield></datafield><datafield ind1="0" ind2="4" tag="785"><subfield code="t">Brewster record (Brewster, N.Y.)</subfield><subfield code="w">(DLC)sn2002061432</subfield><subfield code="w">(OCoLC)50490776</subfield></datafield><datafield ind1="0" ind2="4" tag="785"><subfield code="t">Chappaqua sun</subfield><subfield code="w">(DLC)sn2001062038</subfield><subfield code="w">(OCoLC)47078582</subfield></datafield><datafield ind1="0" ind2="4" tag="785"><subfield code="t">Mt. Kisco local</subfield><subfield code="w">(DLC)sn2003060378</subfield><subfield code="w">(OCoLC)53481045</subfield></datafield><datafield ind1="0" ind2="4" tag="785"><subfield code="t">Record (Katonah, N.Y.)</subfield><subfield code="w">(DLC)sn 83031164</subfield><subfield code="w">(OCoLC)9807515</subfield></datafield><datafield ind1="0" ind2="4" tag="785"><subfield code="t">Townsman (Pleasantville, N.Y.)</subfield><subfield code="w">(DLC)sn 88075753</subfield><subfield code="w">(OCoLC)47848021</subfield></datafield><datafield ind1="0" ind2="4" tag="785"><subfield code="t">Yorktown herald</subfield><subfield code="w">(DLC)sn 83051717</subfield><subfield code="w">(OCoLC)10114875</subfield></datafield><datafield ind1="0" ind2="4" tag="785"><subfield code="t">Patent trader</subfield><subfield code="w">(DLC)sn 83008557</subfield><subfield code="w">(OCoLC)9833221</subfield></datafield><datafield ind1="1" ind2=" " tag="029"><subfield code="a">AU@</subfield><subfield code="b">000020531083</subfield></datafield></record>